<record><leader>00000cas a2200000 a 4500</leader><controlfield tag="001">39001155</controlfield><controlfield tag="008">980423d19581958nyuwr ne      0    0eng c</controlfield><datafield ind1=" " ind2=" " tag="010"><subfield code="a">sn 98067561 </subfield></datafield><datafield ind1=" " ind2=" " tag="040"><subfield code="a">NYS</subfield><subfield code="b">eng</subfield><subfield code="c">NYS</subfield><subfield code="d">OCLCQ</subfield><subfield code="d">OCLCF</subfield><subfield code="d">OCLCO</subfield></datafield><datafield ind1="1" ind2=" " tag="029"><subfield code="a">AU@</subfield><subfield code="b">000013904147</subfield></datafield><datafield ind1=" " ind2=" " tag="042"><subfield code="a">pcc</subfield></datafield><datafield ind1=" " ind2=" " tag="043"><subfield code="a">n-us-ny</subfield></datafield><datafield ind1="0" ind2="0" tag="245"><subfield code="a">Suburban news and the West Seneca news.</subfield></datafield><datafield ind1=" " ind2=" " tag="260"><subfield code="a">West Seneca, N.Y. :</subfield><subfield code="b">Suburban Newspaper Pub.,</subfield><subfield code="c">1958.</subfield></datafield><datafield ind1=" " ind2=" " tag="300"><subfield code="a">1 v.</subfield></datafield><datafield ind1=" " ind2=" " tag="310"><subfield code="a">Weekly</subfield></datafield><datafield ind1="0" ind2=" " tag="362"><subfield code="a">Vol. 1, no. 41 (May 1, 1958)-v. 1, no. 48 (June 19, 1958).</subfield></datafield><datafield ind1=" " ind2="0" tag="651"><subfield code="a">West Seneca (N.Y.)</subfield><subfield code="v">Newspapers.</subfield></datafield><datafield ind1=" " ind2="0" tag="651"><subfield code="a">Erie County (N.Y.)</subfield><subfield code="v">Newspapers.</subfield></datafield><datafield ind1=" " ind2="7" tag="655"><subfield code="a">Newspapers.</subfield><subfield code="2">fast</subfield><subfield code="0">(OCoLC)fst01423814</subfield></datafield><datafield ind1=" " ind2="7" tag="651"><subfield code="a">New York (State)</subfield><subfield code="z">Erie County.</subfield><subfield code="2">fast</subfield><subfield code="0">(OCoLC)fst01202692</subfield></datafield><datafield ind1=" " ind2="7" tag="651"><subfield code="a">New York (State)</subfield><subfield code="z">West Seneca.</subfield><subfield code="2">fast</subfield><subfield code="0">(OCoLC)fst01214878</subfield></datafield><datafield ind1=" " ind2=" " tag="752"><subfield code="a">United States</subfield><subfield code="b">New York</subfield><subfield code="c">Erie</subfield><subfield code="d">West Seneca.</subfield></datafield><datafield ind1="0" ind2="0" tag="780"><subfield code="t">West Seneca news</subfield><subfield code="w">(DLC)sn 95071239</subfield><subfield code="w">(OCoLC)32729595</subfield></datafield><datafield ind1="0" ind2="0" tag="785"><subfield code="t">Suburban news (West Seneca, N.Y.)</subfield><subfield code="w">(DLC)sn 98067562</subfield><subfield code="w">(OCoLC)33053478</subfield></datafield></record>